@ARTICLE{skalko_2014,
  title={Маршевый алгоритм решения задачи переноса излучения методом коротких характеристик},
  author={Скалько, Ю.И. and Карасев, Р.Н. and Акопян, А.В. and Цыбулин, И.В. and Мендель, М.А.},
  journal      = {Компьютерные исследования и моделирование},
  year         = {2014},
  volume       = {6},
  number       = {2},
  pages        = {203--215},
  language     = {russian},
}

@book{zeld_2013,
  title={Физика ударных волн и высокотемпературных гидродинамических явлений},
  author={Зельдович, Я.Б. and Райзер, Ю.П.},
  pages={656},
  year={2008},
  edition = {3},
  publisher={М.: ФИЗМАТЛИТ},
  language     = {russian},
}

@book{chetv_1985,
  title={Математическое моделирование задач динамики излучающего газа},
  author={Четверушкин, Б.Н.},
  year={1985},
  publisher={М.:Наука, Глав. ред. физико-математической лит-ры},
  language = {russian},
  pages = {304}
}

@article{lebedev_1999,
title={Квадратурная формула для сферы 131-го алгебраического порядка точности},
author={Лебедев, В.И. and Лайков, Д.Н.},
journal={Докл. РАH},
volume={366},
number={6},
pages={741--745},
year={1999}
}
